@book{book_key,
	address = {City},
	publisher = {Publisher},
	author = {Smith, John},
	title = {Book title},
	year = {2012},
	volume = {3},
	series = {2},
	edition = {1},
	pages = {123--200},
	month = {January}
}

@article{article_key,
	address = {City},
	publisher = {Publisher},
	author = {Smith, James},
	title = {Article title},
	year = {2013},
	volume = {14},
	number = {6},
	pages = {1--8},
	month = {March}
}

 @BOOK{Dugundji1966,
  AUTHOR =       {J Dugundji},
  TITLE =       {Topology.},
  PUBLISHER =      {Allyn and Bacon, Inc.},
  YEAR =         {1966},
  address =       {470 Atlantic Avenue, Boston},
 }

 @BOOK{Munkres2000,
  AUTHOR =       {J R Munkres},
  TITLE =       {Topology Second Edition.},
  PUBLISHER =      {Prentice Hall, Inc.},
  YEAR =         {2000},
  address =       {Upper Saddle River, NJ 07458},
 }

 @misc{BellezaCM2025,
  author = {K Belleza},
  title = {Continuous Maps (General Topology).},
  year = {2025},
  note = {Last accessed 19 May 2025},
  url = {https://drive.google.com/file/d/1C4QofGsse0Id7WWCgmd424qTMKC51sfJ/view}
 }

@book{schechter1996handbook,
  title={Handbook of Analysis and its Foundations},
  author={Schechter, Eric},
  year={1996},
  publisher={Academic Press}
}

@book{milewski1994topology,
  title={Topology Problem Solver},
  author={Milewski, Emil G},
  year={1994},
  publisher={Research \& Education Assoc.}
}

 @misc{BellezaIT2025,
  author = {K Belleza},
  title = {Introduction to Topology (General Topology).},
  year = {2025},
  note = {Last accessed 19 May 2025},
  url = {https://drive.google.com/file/d/1ioClMQPSMhtM2egDjRDsggtTUtCNrb44/view}
 }

@book{morris2020topology,
  author    = {Sidney A. Morris},
  title     = {Topology Without Tears},
  year      = {2020},
  note      = {Version of June 28, 2020},
  url       = {http://www.topologywithouttears.net},
  publisher = {Self-published},
  address   = {Australia}
}

@book{holmes_topology,
  title={Introduction to Topology},
  author={Randall R. Holmes},
  year={2008},
  url={https://api.semanticscholar.org/CorpusID:13883851}
}

@book{lipschutz1965,
  author    = {Lipschutz, Seymour},
  title     = {Schaum's Outline of General Topology},
  year      = {1965},
  publisher = {McGraw-Hill}
}

